<?xml version="1.0" encoding="UTF-8"?><collection xmlns="http://www.loc.gov/MARC21/slim"><record><leader>00540nam--2200181-i-4500</leader><controlfield tag="001">000047005</controlfield><controlfield tag="002">20161230</controlfield><controlfield tag="005">20161230201046</controlfield><controlfield tag="008">060222s1000------------r-----000-0-ger-d</controlfield><datafield ind1=" " ind2=" " tag="040"><subfield code="a">IFIN-HH</subfield></datafield><datafield ind1=" " ind2=" " tag="041"><subfield code="a">ger</subfield></datafield><datafield ind1=" " ind2=" " tag="080"><subfield code="a">519.216(043)</subfield></datafield><datafield ind1="1" ind2=" " tag="100"><subfield code="a">Weber, Gert</subfield></datafield><datafield ind1="1" ind2="0" tag="245"><subfield code="a">Untersuchungen zur pfadweisen filterung von diffusionsprozessen unter berusksichtigung informationstheoretischer aspekte. dissertation</subfield><subfield code="c">Gert Weber</subfield></datafield><datafield ind1=" " ind2=" " tag="260"><subfield code="a">Berlin, Univ., 1988</subfield></datafield><datafield ind1=" " ind2=" " tag="300"><subfield code="a">/P.DIF.</subfield></datafield><datafield ind1=" " ind2=" " tag="852"><subfield code="a">78776</subfield><subfield code="c">519.2</subfield></datafield><datafield ind1=" " ind2=" " tag="CAT"><subfield code="a">Sys</subfield><subfield code="c">20100618</subfield><subfield code="h">122420</subfield></datafield></record></collection>